% Citations
@ARTICLE{Bell2008,
author = {{Bell}, Trudy E. and {Philips}, Tony},
title = "{A Super Solar Flare}",
year = {2008},
publisher = {NASA},
}

@book{BOB,
place={Cambridge},
edition={2},
title={An Introduction to Modern Astrophysics},
DOI={10.1017/9781108380980},
publisher={Cambridge University Press},
author={Carroll, Bradley W. and Ostlie, Dale A.},
year={2017}
}
 
@ARTICLE{Pesnell2012,
author = {{Pesnell}, W. Dean and {Thompson}, B.~J. and {Chamberlin}, P.~C.},
title = "{The Solar Dynamics Observatory (SDO)}",
journal = {Solar Physics},
keywords = {SDO, Solar cycle, Helioseismology, Coronal, Space weather},
year = 2012,
month = jan,
volume = {275},
number = {1-2},
pages = {3-15},
doi = {10.1007/s11207-011-9841-3},
adsurl = {https://ui.adsabs.harvard.edu/abs/2012SoPh..275....3P},
adsnote = {Provided by the SAO/NASA Astrophysics Data System}
}
 
@ARTICLE{Galvez2019,
author = {{Galvez}, Richard and {Fouhey}, David F. and {Jin}, Meng and {Szenicer}, Alexandre and {Mu{\~n}oz-Jaramillo}, Andr{\'e}s and {Cheung}, Mark C.~M. and {Wright}, Paul J. and {Bobra}, Monica G. and {Liu}, Yang and {Mason}, James and {Thomas}, Rajat},
title = "{A Machine-learning Data Set Prepared from the NASA Solar Dynamics Observatory Mission}",
journal = {The Astrophysical Journal, Supplement},
keywords = {astronomical databases: miscellaneous, catalogs, editorials, notices, miscellaneous, surveys, Astrophysics - Solar and Stellar Astrophysics, Computer Science - Artificial Intelligence, Computer Science - Databases, Computer Science - Machine Learning},
year = 2019,
month = may,
volume = {242},
number = {1},
eid = {7},
pages = {7},
doi = {10.3847/1538-4365/ab1005},
archivePrefix = {arXiv},
eprint = {1903.04538},
primaryClass = {astro-ph.SR},
adsurl = {https://ui.adsabs.harvard.edu/abs/2019ApJS..242....7G},
adsnote = {Provided by the SAO/NASA Astrophysics Data System}
}

@book{FlareDamage,
author = {National Research Council},
year = {2008},
title = {Severe Space Weather Events: Understanding
Societal and Economic Impacts: A Workshop Report},
publisher = {Washington, DC: The National Academies Press},
DOI = {https://doi.org/10.17226/12507}}
 
@article{Raboonik2016,
author = {Raboonik, Abbas and Safari, Hossein and Alipour, Nasibe and Wheatland, Michael},
year = {2016},
month = {10},
pages = {},
title = {Prediction of Solar Flares Using Unique Signatures of Magnetic Field Images},
volume = {834},
journal = {The Astrophysical Journal},
doi = {10.3847/1538-4357/834/1/11}
}

@article{AIA_ConceptReport,
author = {AIA Science Team},
year = {2004},
month = {Feb.},
pages = {},
title = "{Atmospheric Imaging Assembly for the Solar Dynamics Observatory, Concept Study Report, Appendix A (AIA Science Plan) }",
}

@article{Lemen2012,
author = {Lemen, J.R. and Title, A.M. and Akin, D.J. 	et al.},
title = {The Atmospheric Imaging Assembly (AIA) on the Solar Dynamics Observatory (SDO)},
journal = {Solar Physics},
year = {2012},
month = {January},
volume = {275},
pages = {17-40},
doi = {10.1007/s11207-011-9776-8},
}

@misc{Zell2015, 
title={How SDO Sees the Sun}, 
howpublished={\url{https://www.nasa.gov/content/goddard/how-sdo-sees-the-sun/}}, 
journal={NASA}, 
publisher={NASA}, 
author={Zell, Holly}, 
year={2015}, 
month={Feb}
}

@article{Dai2021,
author = {Dai, J. and Zhang, Q.~M. and Su, Y.~N. and Ji, H.~S.},
title = "{Transverse oscillation of a coronal loop induced by a flare-related jet}",
journal = {Astronomy \& Astrophysics},
keywords = {Sun: corona, Sun: flares, Sun: magnetic fields, Sun: oscillations, strophysics - Solar and Stellar Astrophysics},
year = 2021,
month = feb,
volume = {646},
eid = {A12},
pages = {A12},
doi = {10.1051/0004-6361/202039013},
archivePrefix = {arXiv},
eprint = {2012.07074},
primaryClass = {astro-ph.SR},
adsurl = {https://ui.adsabs.harvard.edu/abs/2021A&A...646A..12D},
adsnote = {Provided by the SAO/NASA Astrophysics Data System}
}

@article{Aschwanden2017,
author = {Aschwanden, Markus J. and Peter, Hardi},
title = "{The Width Distribution of Loops and Strands in the Solar Corona{\textemdash}Are We Hitting Rock Bottom?}",
journal = {The Astrophysical Journal},
keywords = {Sun: corona, Sun: UV emission, Astrophysics - Solar and Stellar Astrophysics},
year = 2017,
month = may,
volume = {840},
number = {1},
eid = {4},
pages = {4},
doi = {10.3847/1538-4357/aa6b01},
archivePrefix = {arXiv},
eprint = {1701.01177},
primaryClass = {astro-ph.SR},
adsurl = {https://ui.adsabs.harvard.edu/abs/2017ApJ...840....4A},
adsnote = {Provided by the SAO/NASA Astrophysics Data System}
}

@article{Chitta2018,
author = {Chitta, L.~P. and Peter, H. and Solanki, S.~K.},
title = "{Nature of the energy source powering solar coronal loops driven by nanoflares}",
journal = {Astronomy \& Astrophysics},
keywords = {Sun: atmosphere, Sun: chromosphere, Sun: corona, Sun: magnetic fields, Sun: photosphere, Astrophysics - Solar and Stellar Astrophysics},
year = 2018,
month = jul,
volume = {615},
eid = {L9},
pages = {L9},
doi = {10.1051/0004-6361/201833404},
archivePrefix = {arXiv},
eprint = {1806.11045},
primaryClass = {astro-ph.SR},
adsurl = {https://ui.adsabs.harvard.edu/abs/2018A&A...615L...9C},
adsnote = {Provided by the SAO/NASA Astrophysics Data System}
}


@article{Benz2008,
author = {Benz, Arnold},
title = {Flare Observations},
journal = {Living Reviews in Solar Physics},
year = 2008,
month = dec,
volume = {5},
doi = {https://doi.org/10.12942/lrsp-2008-1}
}

@misc{SWPC_Glossary,
title = {Space Weather Glossary},
howpublished={\url{https://www.swpc.noaa.gov/content/space-weather-glossary}},
author = {NOAA}
}

